@misc{nlab:weak_topology,
  author       = {{nLab authors}},
  title        = {weak topology},
  howpublished = {\url{https://ncatlab.org/nlab/show/weak+topology}},
  note         = {\href{https://ncatlab.org/nlab/revision/weak+topology/12}{Revision 12}},
  month        = may,
  year         = 2024
}
@book{fomenko2016homotopical,
  title     = {Homotopical topology},
  author    = {Fomenko, Anatolij Timofeevi{\v{c}} and Fuks, Dmitrij Borisovi{\v{c}}},
  volume    = {273},
  year      = {2016},
  publisher = {Springer}
}
@book{whitehead2012elements,
  title     = {Elements of homotopy theory},
  author    = {Whitehead, George W},
  volume    = {61},
  year      = {2012},
  publisher = {Springer Science \& Business Media}
}
@article{maygeometry,
  title     = {The Geometry of Iterated Loop Spaces},
  author    = {May, JP},
  publisher = {Springer}
}
@book{iversen2012cohomology,
  title     = {Cohomology of sheaves},
  author    = {Iversen, Birger},
  year      = {2012},
  publisher = {Springer Science \& Business Media}
}
@book{R100000002-I026955886,
  author    = {中岡宏行 著},
  title     = {圏論の技法 : アーベル圏と三角圏でのホモロジー代数},
  publisher = {日本評論社},
  year      = {2015.12},
  url       = {https://ndlsearch.ndl.go.jp/books/R100000002-I026955886}
}
